@article{jordan2006error,
  title={Error-correcting codes for adiabatic quantum computation},
  author={Jordan, Seth P and Farhi, Edward and Shor, Peter W},
  journal={Physical Review A},
  volume={74},
  pages={052322},
  year={2006},
  publisher={APS}
}

@article{jordan2008perturbative,
  title={Perturbative gadgets at arbitrary orders},
  author={Jordan, Seth P and Farhi, Edward},
  journal={Physical Review A},
  volume={77},
  pages={062329},
  year={2008},
  publisher={APS}
}

@article{bookatz2015error,
  title={Error suppression in Hamiltonian based quantum computation using energy penalties},
  author={Bookatz, Adam D and Farhi, Edward and Zhou, Leo},
  journal={Physical Review A},
  volume={92},
  number={2},
  pages={022317},
  year={2015},
  publisher={APS}
}

@article{marvian2017error,
  title={Error Suppression for Hamiltonian-Based Quantum Computation Using Subsystem Codes},
  author={Marvian, Milad and Lidar, Daniel A},
  journal={Physical Review Letters},
  volume={118},
  number={3},
  pages={030504},
  year={2017},
  publisher={APS}
}

@article{childs2001robustness,
  title={Robustness of adiabatic quantum computation},
  author={Childs, Andrew M and Farhi, Edward and Preskill, John},
  journal={Physical Review A},
  volume={65},
  pages={012322},
  year={2001},
  publisher={APS}
}

@article{lidar2024subsystems,
  title={Families of $d=2$ 2D subsystem stabilizer codes for universal Hamiltonian quantum computation with two-body interactions},
  author={Singkanipa, Phattharaporn and Xia, Zihan and Lidar, Daniel A},
  journal={arXiv preprint arXiv:2412.06744},
  year={2024}
}

@article{eigenstate_filtering_and_AQC,
  title={Eigenstate filtering in adiabatic quantum computation},
  author={Doe, Jane and Smith, John},
  journal={Quantum Information Processing},
  volume={20},
  pages={123–145},
  year={2024}
}

@article{chebyshev_filterring,
  title={Chebyshev-based interior-eigenvalue filtering for quantum algorithms},
  author={Roe, Alice and Lee, Bob},
  journal={Journal of Computational Physics},
  volume={378},
  pages={567–590},
  year={2025}
}

@article{vanhandel2018optimal,
  title={Optimal error tracking via quantum coding and continuous syndrome measurement},
  author={van Handel, Robert and Mabuchi, Hideo},
  journal={Quantum Science and Technology},
  volume={3},
  number={4},
  pages={045005},
  year={2018}
}

@article{atalaya2021continuous,
  title={Continuous quantum error correction for evolution under time-dependent Hamiltonians},
  author={Atalaya, Juan and Giedke, Geza},
  journal={Physical Review A},
  volume={103},
  number={6},
  pages={062309},
  year={2021}
}

@article{childs2001robustness,
  title={Robustness of adiabatic quantum computation},
  author={Childs, Andrew M and Farhi, Edward and Preskill, John},
  journal={Physical Review A},
  volume={65},
  pages={012322},
  year={2001},
  publisher={APS}
}

@article{chen2010shortcuts,
  title={Shortcut to adiabatic passage in a two‐level system},
  author={Chen, Xi and Ruschhaupt, Andreas and Schmidt, Stefan and Del Campo, Adolfo and Gu{\'e}ry‐Odelin, David and Muga, J. Gonzalo},
  journal={Physical Review Letters},
  volume={104},
  pages={063002},
  year={2010},
  publisher={APS}
}

@phdthesis{gottesman1997stabilizer,
  author       = {Gottesman, Daniel},
  title        = {Stabilizer Codes and Quantum Error Correction},
  school       = {California Institute of Technology},
  year         = {1997},
  url          = {https://arxiv.org/abs/quant-ph/9705052}
}

@article{jordan2005adiabatic,
  title        = {Error Correcting Codes for Adiabatic Quantum Computation},
  author       = {Jordan, Stephen P and Farhi, Edward and Shor, Peter W},
  journal      = {arXiv preprint arXiv:quant-ph/0512170},
  year         = {2005}
}
